
@misc{bundesfachstelle_barrierefreiheit_wie_nodate,
	title = {Wie ist {Barrierefreiheit} definiert?},
	url = {https://www.bundesfachstelle-barrierefreiheit.de/DE/Ueber-Uns/Definition-Barrierefreiheit/definition-barrierefreiheit_node.html},
	abstract = {Definition Barrierefreiheit},
	language = {de},
	urldate = {2022-11-21},
	journal = {Bundesfachstelle Barrierefreiheit},
	author = {{Bundesfachstelle Barrierefreiheit}},
	file = {Snapshot:/home/spectro/Zotero/storage/8TYLPFJH/definition-barrierefreiheit_node.html:text/html},
}

@misc{angular_components_team_angular_nodate,
	title = {Angular {Material}},
	url = {https://material.angular.io/},
	abstract = {UI component infrastructure and Material Design components for Angular web applications.},
	language = {en-US},
	urldate = {2022-11-22},
	journal = {Angular Material},
	author = {{Angular Components Team}},
	file = {Snapshot:/home/spectro/Zotero/storage/VJWSV2WE/material.angular.io.html:text/html},
}
